%_____________________________________________________________________________
%=============================================================================
% referensi.bib v2 (03-10-2016) dibuat oleh Lionov - Informatika FTIS UNPAR
% 
% Ini adalah file referensi (referensi.bib), berisi petunjuk singkat membuat
% referensi dan dipergunakan untuk menyimpan data referensi yang digunakan di
% buku skripsi
%
% Sejak template skripsi versi 11, style bibliography yang digunakan adalah 
% "computer journal" (cj). Perubahan ini disebabkan karena penulisan 
% nama penulis pada style sebelumnya (ieeetr) tidak sesuai dengan kaidah 
% penulisan Bahasa Indonesia, tetapi sekaligus ingin mempertahankan penggunaan
% angka untuk merujuk dan urutan item di referensi sesuai dengan kemunculan
% di teks skripsi.
% Untuk menggunakan style "cj", anda membutuhkan file "compj.bst" yang sudah
% disertakan di dalam Template Skripsi FTIS
%
% File compj.bst tersebut merupakan file resmi yang digunakan oleh Computer 
% Journal yang diterbitkan Oxford University di Inggris, kemudian dilakukan 
% cukup banyak penyesuaian untuk digunakan di FTIS UNPAR, oleh sebab itu
% ada kemungkinan terjadi warning/error jika isi file ini digunakan untuk
% mencetak daftar referensi dengan menggunakan style yang lain
%
% Jika anda menemui kesulitan dalam menuliskan referensi (karena tidak 
% terdapat pada contoh yang diberikan), anda dapat bertanya via email ke 
% lionov(at)gmail.com atau lionov(at)unpar.ac.id
%
% Versi 2 (03-10-2016):
%	- Penjelasan umum dan 12 jenis penulisan referensi
%_____________________________________________________________________________
%=============================================================================

%_____________________________________________________________________________
%=============================================================================
% Panduan singkat penulisan isi referensi.bib untuk Template Skripsi FTIS
%
% Dalam file ini akan diberikan contoh cara penulisan dari 10 jenis sumber 
% yang umum digunakan. 
% Untuk keseluruhan penulisan nama penulis, gunakan format nama lengkap yang 
% dipisahkan dengan kata "and" (jika terdapat beberapa orang penulis)
% 	Contoh : John Doe and Jack Doe and Jane Doe
% jika perlu, gunakan tanda kurung untuk nama-nama tertentu untuk memisahkan 
% nama depan dengan nama keluarga agar lebih tepat
% 	Contoh : John {van Doe} and Jack {von Doe}
% atau, gunakan tanda koma yang memisahkan nama dan nama keluarga (ditulis 
% terbalik)
% 	Contoh : Doe, John and von Doe, Jack and Doe, Jane
%
% Secara umum, data untuk bibtex dapat ditemukan secara otomatis di internet
% Misalkan untuk buku, carilah dengam mesin pencari, nama buku dengan tambahan 
% "bibtex". Hal serupa dapat digunakan untuk mencari paper/artikel.
%
% Bahan kuliah (dalam bentuk slide/lecture notes) tidak dianjurkan digunakan 
% sebagai referensi, karena biasanya isinya mengacu ke suatu buku wajib di 
% kuliah tersebut. Jadi lebih baik mencantumkan buku wajib tersebut sebagai 
% referensi.
%
% Khusus untuk mahasiswa/i prodi informatika, banyak paper/buku dapat diunduh 
% bibtexnya dari dblp atau acm.org. Jika anda mendapatkan bib dari hasil unduh 
% tersebut, mohon informasi yang diisi disesuaikan dengan petunjuk yang ada 
% sehingga hasil referensi anda tetap rapi.
%
% Mohon tidak menuliskan "et al.", karena akan diduga dihasilkan oleh 
% template ini, padahal tidak demikian. Gunakan "dkk" bila sangat terpaksa. 
% Lebih baik tuliskan semua nama penulis untuk menghargai mereka. 
% Tentu jika jumlahnya masuk akal, maksimal sekitar 10 orang. 
%_____________________________________________________________________________
%=============================================================================
%
%_____________________________________________________________________________
%=============================================================================

@book{linux,
	author		= {William Shotts},
	title   	= {The Linux Command Line},
	edition		= {5th},
	year   		= {2019},
	publisher	= {No Starch Press},
	address		= {San Francisco, USA},
}

@article{ide,
	author		= {Szymon Wasik and Maciej Antczak and Jan Badura and Artur Laskowski and Tomasz Sternal},
	title     	= "{A Survey on Online Judge Systems and Their Applications}",
	journal   	= {ACM Computing Surveys},
	volume    	= {51},
	pages     	= {3:1--3:34},
	year      	= {2017},
}

@undergraduatethesis{stillmen:sharif, 
	author		= {Stillmen Vallian},
	title     	= "{Kustomisasi Sharif Judge Untuk Kebutuhan Program Studi Teknik Informatika}",
	year      	= {2018},
	school     	= {Universitas Katolik Parahyangan},
	address		= {Indonesia},
}

@manual{sharif,
	number 		= {Version 1.4 },
	title 		= {Sharif Judge Documentation},
	year 		= {2014},
	organization= {Mohammad Javad Naderi},	
	address 	= {Tehran, Iran},
}

@manual{codeigniter,
	number 		= {Version 3.1.11},
	title 		= {CodeIgniter User Guide},
	year 		= {2019},
	organization= {British Columbia Institute of Technology},	
	address 	= {Burnaby, Canada},
}

@manual{twig,
	number 		= {Version 1.44.5},
	title 		= {Twig Documentation},
	year 		= {2021},
	organization= {Symfony SAS},	
	address 	= {Clichy, France},
}

@manual{pdfjs,
	number 		= {Version 2.7.570},
	title 		= {PDF.js},
	year 		= {2021},
	organization= {Mozilla Corporation},	
	address 	= {Mountain View, United States},
}

@manual{ace,
	number 		= {Version 1.4.13},
	title 		= {Ace API Reference},
	year 		= {2021},
	organization= {Ajax.org B.V.},	
	address 	= {Amsterdam, The Netherlands},
}

@manual{bash,
	number 		= {Edition 5.1},
	title 		= {Bash Reference Manual},
	year 		= {2020},
	organization= {Free Software Foundation, Inc.},	
	address 	= {Boston, United States},
}

%_____________________________________________________________________________
%=============================================================================
